<record><leader>00000cas a22000007a 4500</leader><controlfield tag="001">10432699</controlfield><controlfield tag="008">840218d18721874paudn ne      0    0eng d</controlfield><datafield ind1=" " ind2=" " tag="010"><subfield code="a">sn 84026351 </subfield></datafield><datafield ind1=" " ind2=" " tag="040"><subfield code="a">NPU</subfield><subfield code="b">eng</subfield><subfield code="c">NPU</subfield><subfield code="d">NPH</subfield><subfield code="d">NPX</subfield><subfield code="d">NPH</subfield><subfield code="d">OCLCQ</subfield></datafield><datafield ind1=" " ind2=" " tag="042"><subfield code="a">msc</subfield></datafield><datafield ind1="0" ind2=" " tag="130"><subfield code="a">Scranton daily times (Scranton, Pa. : 1872)</subfield></datafield><datafield ind1="1" ind2="0" tag="245"><subfield code="a">Scranton daily times.</subfield></datafield><datafield ind1="3" ind2="0" tag="246"><subfield code="a">Scranton Sunday times</subfield></datafield><datafield ind1=" " ind2=" " tag="260"><subfield code="a">Scranton, Pa. :</subfield><subfield code="b">A.A. Chase,</subfield><subfield code="c">1872-</subfield></datafield><datafield ind1=" " ind2=" " tag="300"><subfield code="a">v. ;</subfield><subfield code="c">61 cm.</subfield></datafield><datafield ind1=" " ind2=" " tag="310"><subfield code="a">Daily,</subfield><subfield code="b">Oct. 26, 1873-&lt;1874&gt;</subfield></datafield><datafield ind1=" " ind2=" " tag="321"><subfield code="a">Daily (except Sun.),</subfield><subfield code="b">Oct. 28, 1872-Oct. 25, 1873</subfield></datafield><datafield ind1="0" ind2=" " tag="362"><subfield code="a">Oct. 28, 1872-</subfield></datafield><datafield ind1="1" ind2=" " tag="362"><subfield code="a">Ceased with July 18 or 19, 1874 issue?</subfield></datafield><datafield ind1=" " ind2=" " tag="500"><subfield code="a">On Sunday published as: Scranton Sunday times, Nov. 16, 1873-&lt;July 12, 1874&gt;.</subfield></datafield><datafield ind1=" " ind2=" " tag="515"><subfield code="a">Issues for Oct. 28, 1872- called also v. 3-</subfield></datafield><datafield ind1=" " ind2=" " tag="752"><subfield code="a">United States</subfield><subfield code="b">Pennsylvania</subfield><subfield code="c">Lackawanna</subfield><subfield code="d">Scranton.</subfield></datafield><datafield ind1=" " ind2=" " tag="752"><subfield code="a">United States</subfield><subfield code="b">Pennsylvania</subfield><subfield code="c">Luzerne</subfield><subfield code="d">Scranton.</subfield></datafield><datafield ind1="0" ind2=" " tag="775"><subfield code="t">Weekly times (Scranton, Pa.)</subfield><subfield code="w">(DLC)sn 86053929</subfield></datafield><datafield ind1="0" ind2="0" tag="780"><subfield code="t">Daily times (Scranton, Pa. : 1870)</subfield><subfield code="w">(DLC)sn 87080462</subfield></datafield><datafield ind1="0" ind2="0" tag="785"><subfield code="t">Daily times (Scranton, Pa. : 1874)</subfield><subfield code="w">(DLC)sn 86053928</subfield></datafield></record>